%% This BibTeX bibliography file was created using BibDesk.
%% https://bibdesk.sourceforge.io/

%% Created for Larissa Eisele at 2022-04-07 14:49:11 +0200 


%% Saved with string encoding Unicode (UTF-8) 



@url{apa,
	author = {FEDESORIANO},
	date-added = {2022-04-07 14:45:44 +0200},
	date-modified = {2022-04-07 14:48:08 +0200},
	title = {Stroke Prediction Dataset},
	year = {2021}}
